@article{nguyen2018development,
  title={Development of an insect-inspired hexapod robot actuated by soft actuators},
  author={Nguyen, Canh Toan and Phung, Hoa and Hoang, Phi Tien and Nguyen, Tien Dat and Jung, Hosang and Choi, Hyouk Ryeol},
  journal={Journal of Mechanisms and Robotics},
  volume={10},
  number={6},
  year={2018},
  publisher={American Society of Mechanical Engineers Digital Collection}
}

@article{nhu2019effects,
  title={Effects of nutrient supply and nutrient ratio on diversity--productivity relationships of phytoplankton in the Cau Hai lagoon, Vietnam},
  author={Nhu Y, Dang Thi and Hoang, Nguyen Tien and Lieu, Pham Khac and Harada, Hidenori and Brion, Natacha and Hieu, Duong Van and Hop, Nguyen Van and Olde Venterink, Harry},
  journal={Ecology and evolution},
  volume={9},
  number={10},
  pages={5950--5962},
  year={2019},
  publisher={Wiley Online Library}
}